https://www.br.de/nachrichten/netzwelt/kuenstliche-intelligenz-eine-neue-religion-in-der-entstehung,TtiENR1

@online{BR,
author = {BR},
title = {\\https://www.br.de/nachrichten/netzwelt/kuenstliche-intelligenz-eine-neue-religion-in-der-entstehung,TtiENR1},
}

@online{Kurzweil,
author = {Ray Kurzweil},
title = {\\https://lifearchitect.ai/kurzweil/},
}
@online{gottkennen,
author = {Gott kennen},
title = {\\https://gottkennen.de/wer-ist-gott/},
}
@online{Jesushaus,
author = {Jesus Haus},
title = {\\https://jesus-haus-andernach.de/wer-oder-was-ist-gott/},
}

@online{Roboticpriests,
author = {Daily Mail Online},
title = {\\https://www.dailymail.co.uk/sciencetech/article-12974317/robotic-priests-ai-cult-chatgpt-bible.html}
}
@online{MDR,
author = {MDR Wissen},
title = {\\https://www.mdr.de/wissen/ki-hat-noch-kein-bewusstsein-100.html}
}
@online{KurzweilBuch,
author = {Ray Kurzweil},
title = {\\https://archive.org/details/kurzweil-ray-the-singularity-is-near}
}
@online{Openai,
author = {Openai},
title = {\\https://openai.com/blog/introducing-superalignment}
}
