@article{PLASynthesis2020,
    author = {Li, G. and Zhao, M. and Xu, F. and others},
    title = {Synthesis and Biological Application of Polylactic Acid},
    journal = {Molecules},
    year = {2020},
    volume = {25},
    number = {21},
    pages = {5023},
    doi = {10.3390/molecules25215023},
    note = {Published 2020 Oct 29},
}
